101 072000915 07200091502040412090094101First National Bank     First National Bank
5200Anderson Enterpr                    1381655417PPDPAYROLL   000000021113   1072000910000001
6320720008057548332          0000005000               Cox, Melissa            0072000910000001
6220720008051254356          0000026294               Cox, Melissa            0072000910000002
63207200091545876523         0000010000               Holden, Max             0072000910000003
632072000805954632           0000002500               Porter, Jack S          0072000910000004
6320720008059875342          0000002799               Porter, Jack S          0072000910000005
632272480128857654324        0000014919               Good, Rhonda            0072000910000006
62227248012887543            0000044759               Good, Rhonda            0072000910000007
6222724801285239465          0000039059               Dunn, John              0072000910000008
627072000915723458745        0000145330               Anderson Enterprises    0072000910000009
820000000901249445380000001453300000001453301381655417                         072000910000001
9000001000002000000090124944538000000145330000000145330
9999999999999999999999999999999999999999999999999999999999999999999999999999999999999999999999
9999999999999999999999999999999999999999999999999999999999999999999999999999999999999999999999
